@article{Tennis,
author = {Newton, Paul K. and Keller, Joseph B.},
title = {Probability of Winning at Tennis I. Theory and Data},
journal = {Studies in Applied Mathematics},
volume = {114},
number = {3},
pages = {241-269},
doi = {10.1111/j.0022-2526.2005.01547.x},
url = {https://onlinelibrary.wiley.com/doi/abs/10.1111/j.0022-2526.2005.01547.x},
eprint = {https://onlinelibrary.wiley.com/doi/pdf/10.1111/j.0022-2526.2005.01547.x},
year = {2005}
}

@article{noniid,
 ISSN = {00361445},
 URL = {http://www.jstor.org/stable/20453873},
 author = {Paul K. Newton and Kamran Aslam},
 journal = {SIAM Review},
 number = {4},
 pages = {722--742},
 publisher = {Society for Industrial and Applied Mathematics},
 title = {Monte Carlo Tennis},
 volume = {48},
 year = {2006}
}

@misc{2019data, 
 title={Player Statistics}, 
 url={https://www.wimbledon.com/en_GB/scores/extrastats/index.html}, 
 journal={wimbledon.com}, 
 author={IBM Corp., AELTC}} 
